@misc{devlin2019bertpretrainingdeepbidirectional,
      title={BERT: Pre-training of Deep Bidirectional Transformers for Language Understanding},
      author={Jacob Devlin and Ming-Wei Chang and Kenton Lee and Kristina Toutanova},
      year={2019},
      eprint={1810.04805},
      archivePrefix={arXiv},
      primaryClass={cs.CL},
      url={https://arxiv.org/abs/1810.04805},
}
@misc{LLMmobile2024,
      title={Large Language Model Performance Benchmarking on Mobile Platforms: A Thorough Evaluation},
      author={Jie Xiao and Qianyi Huang  and Xu Chen and Chen Tian},
      year={2024},
      eprint={2410.03613v1},
      archivePrefix={arXiv},
      primaryClass={cs.CL},
      url={https://arxiv.org/abs/2410.03613v1}
}

@article{willard2023efficient,
  title={Efficient Guided Generation for LLMs},
  author={Willard, Brandon T and Louf, R{\'e}mi},
  journal={arXiv preprint arXiv:2307.09702},
  year={2023}
}

@misc{brown2020languagemodelsfewshotlearners,
    title={Language Models are Few-Shot Learners},
    author={Tom B. Brown and Benjamin Mann and Nick Ryder and Melanie Subbiah and Jared Kaplan and Prafulla Dhariwal and Arvind Neelakantan and Pranav Shyam and Girish Sastry and Amanda Askell and Sandhini Agarwal and Ariel Herbert-Voss and Gretchen Krueger and Tom Henighan and Rewon Child and Aditya Ramesh and Daniel M. Ziegler and Jeffrey Wu and Clemens Winter and Christopher Hesse and Mark Chen and Eric Sigler and Mateusz Litwin and Scott Gray and Benjamin Chess and Jack Clark and Christopher Berner and Sam McCandlish and Alec Radford and Ilya Sutskever and Dario Amodei},
    year={2020},
    eprint={2005.14165},
    archivePrefix={arXiv},
    primaryClass={cs.CL},
    url={https://arxiv.org/abs/2005.14165},
}

@misc{lu2024omniparserpurevisionbased,
    title={OmniParser for Pure Vision Based GUI Agent},
    author={Yadong Lu and Jianwei Yang and Yelong Shen and Ahmed Awadallah},
    year={2024},
    eprint={2408.00203},
    archivePrefix={arXiv},
    primaryClass={cs.CV},
    url={https://arxiv.org/abs/2408.00203},
}

@software{Chase_LangChain_2022,
    author = {Chase, Harrison},
    month = oct,
    title = {{LangChain}},
    url = {https://github.com/langchain-ai/langchain},
    year = {2022}
}
@misc{scrapegraph-ai,
    author = {Marco Perini, Lorenzo Padoan, Marco Vinciguerra},
    title = {Scrapegraph-ai},
    year = {2024},
    url = {https://github.com/VinciGit00/Scrapegraph-ai},
    note = {A Python library for scraping leveraging large language models}
}
@software{llm-reader,
    author = {lavague-ai},
    title = {llm-reader},
    year = {2025},
    url = {https://github.com/m92vyas/llm-reader}
}
@software{llamacpp,
    author = {ggerganov},
    title = {llama.cpp},
    year = {2025},
    url = {https://github.com/ggerganov/llama.cpp}
}
@misc{li2025palmbenchcomprehensivebenchmarkcompressed,
      title={PalmBench: A Comprehensive Benchmark of Compressed Large Language Models on Mobile Platforms},
      author={Yilong Li and Jingyu Liu and Hao Zhang and M Badri Narayanan and Utkarsh Sharma and Shuai Zhang and Pan Hu and Yijing Zeng and Jayaram Raghuram and Suman Banerjee},
      year={2025},
      eprint={2410.05315},
      archivePrefix={arXiv},
      primaryClass={cs.LG},
      url={https://arxiv.org/abs/2410.05315},
}
@misc{llama32-1b-size,
    author = {meta-llama},
    title = {Llama-3.2-1B},
    year = {2024},
    url = {https://huggingface.co/meta-llama/Llama-3.2-1B#inference-time},
    note = {"Inference time" table, column with models' sizes}
}
@misc{llama32-1b,
    author = {meta-llama},
    title = {Llama-3.2-1B},
    year = {2024},
    url = {https://huggingface.co/meta-llama/Llama-3.2-1B}
}
@software{unsloth,
  author = {Daniel Han, Michael Han and Unsloth team},
  title = {Unsloth},
  url = {http://github.com/unslothai/unsloth},
  year = {2023}
}
@misc{modal,
    title = {modal},
    year = {2025},
    url = {https://modal.com/}
}
@software{python-seq-match,
    title = {Python difflib SequenceMatcher.ratio() definition},
    year = {2025},
    url = {https://docs.python.org/3/library/difflib.html#difflib.SequenceMatcher.ratio}
}
